@InProceedings{HIH2013,
  author="H{\"o}lzl, Johannes and Immler, Fabian and Huffman, Brian",
  editor="Blazy, Sandrine and Paulin-Mohring, Christine and Pichardie, David",
  title="Type Classes and Filters for Mathematical Analysis in Isabelle/HOL",
  booktitle="Interactive Theorem Proving",
  year="2013",
  publisher="Springer Berlin Heidelberg",
  address="Berlin, Heidelberg",
  pages="279--294",
  abstract="The theory of analysis in Isabelle/HOL derives from earlier formalizations that were limited to specific concrete types: ℝ, ℂ and ℝn. Isabelle's new analysis theory unifies and generalizes these earlier efforts. The improvements are centered on two primary contributions: a generic theory of limits based on filters, and a new hierarchy of type classes that includes various topological, metric, vector, and algebraic spaces. These let us apply many results in multivariate analysis to types which are not Euclidean spaces, such as the extended real numbers, bounded continuous functions, or finite maps.",
  isbn="978-3-642-39634-2"
}

@misc{SamJacques2024,
  title={The asymptotics of $r(4,t)$},
  author={Sam Mattheus and Jacques Verstraete},
  year={2024},
  eprint={2306.04007},
  archivePrefix={arXiv},
  primaryClass={math.CO}
}

@misc{Ma2024,
  title={Yet Another Talk about Prime Numbers},
  author={Gareth Ma},
  year={2024},
  url={https://github.com/grhkm21/wimp-2024/blob/master/main.pdf}
}

@misc{Massot2020,
  title={Topology and filters},
  author={Patrick Massot},
  year={2020},
  url={https://www.youtube.com/watch?v=hhOPRaR3tx0}
}

@article{SalemSpencer1942,
  title={On sets of integers which contain no three terms in arithmetical progression},
  author={Salem, Rapha{\"e}l and Spencer, Donald C},
  journal={Proceedings of the National Academy of Sciences},
  volume={28},
  number={12},
  pages={561--563},
  year={1942},
  publisher={National Acad Sciences}
}

@misc{Erdös1947,
  title={Some remarks on the theory of graphs},
  volume={53},
  url={http://dx.doi.org/10.1090/S0002-9904-1947-08785-1},
  DOI={10.1090/s0002-9904-1947-08785-1},
  number={4},
  journal={Bulletin of the American Mathematical Society},
  publisher={American Mathematical Society (AMS)},
  author={Erdös, P.},
  year={1947},
  pages={292–294},
  language={en}
}

@article{Roth1953,
  title = {On Certain Sets of Integers},
  volume = {s1-28},
  ISSN = {0024-6107},
  url = {http://dx.doi.org/10.1112/jlms/s1-28.1.104},
  DOI = {10.1112/jlms/s1-28.1.104},
  number = {1},
  journal = {Journal of the London Mathematical Society},
  publisher = {Wiley},
  author = {Roth,  K. F.},
  year = {1953},
  month = jan,
  pages = {104–109}
}

@article{Behrend1946,
  title={On sets of integers which contain no three terms in arithmetical progression},
  author={Behrend, Felix A},
  journal={Proceedings of the National Academy of Sciences},
  volume={32},
  number={12},
  pages={331--332},
  year={1946},
  publisher={National Acad Sciences}
}

@article{HeathBrown1987,
  title = {Integer Sets Containing No Arithmetic Progressions},
  volume = {s2-35},
  ISSN = {0024-6107},
  url = {http://dx.doi.org/10.1112/jlms/s2-35.3.385},
  DOI = {10.1112/jlms/s2-35.3.385},
  number = {3},
  journal = {Journal of the London Mathematical Society},
  publisher = {Wiley},
  author = {Heath-Brown,  D. R.},
  year = {1987},
  month = jun,
  pages = {385–394}
}

@article{Szemerédi1990,
  title = {Integer sets containing no arithmetic progressions},
  volume = {56},
  ISSN = {1588-2632},
  url = {http://dx.doi.org/10.1007/BF01903717},
  DOI = {10.1007/bf01903717},
  number = {1–2},
  journal = {Acta Mathematica Hungarica},
  publisher = {Springer Science and Business Media LLC},
  author = {Szemerédi,  E.},
  year = {1990},
  month = mar,
  pages = {155–158}
}

@article{Sanders2011,
  title = {On Roth’s theorem on progressions},
  volume = {174},
  ISSN = {0003-486X},
  url = {http://dx.doi.org/10.4007/annals.2011.174.1.20},
  DOI = {10.4007/annals.2011.174.1.20},
  number = {1},
  journal = {Annals of Mathematics},
  publisher = {Annals of Mathematics},
  author = {Sanders,  Tom},
  year = {2011},
  month = jul,
  pages = {619–636}
}

@article{Bloom2016,
  title = {A quantitative improvement for Roth’s theorem on arithmetic progressions},
  volume = {93},
  ISSN = {1469-7750},
  url = {http://dx.doi.org/10.1112/jlms/jdw010},
  DOI = {10.1112/jlms/jdw010},
  number = {3},
  journal = {Journal of the London Mathematical Society},
  publisher = {Wiley},
  author = {Bloom,  T. F.},
  year = {2016},
  month = apr,
  pages = {643–663}
}

@article{Szemerédi1975,
  title = {On sets of integers containing k elements in arithmetic progression},
  volume = {27},
  ISSN = {1730-6264},
  url = {http://dx.doi.org/10.4064/aa-27-1-199-245},
  DOI = {10.4064/aa-27-1-199-245},
  journal = {Acta Arithmetica},
  publisher = {Institute of Mathematics,  Polish Academy of Sciences},
  author = {Szemerédi,  E.},
  year = {1975},
  pages = {199–245}
}

@article{GreenTao2008,
  title = {The primes contain arbitrarily long arithmetic progressions},
  volume = {167},
  ISSN = {0003-486X},
  url = {http://dx.doi.org/10.4007/annals.2008.167.481},
  DOI = {10.4007/annals.2008.167.481},
  number = {2},
  journal = {Annals of Mathematics},
  publisher = {Annals of Mathematics},
  author = {Green,  Benjamin and Tao,  Terence},
  year = {2008},
  month = mar,
  pages = {481–547}
}

@misc{KelleyMeka2023,
  title={Strong Bounds for 3-Progressions},
  author={Zander Kelley and Raghu Meka},
  year={2023},
  eprint={2302.05537},
  archivePrefix={arXiv},
  primaryClass={math.NT}
}

@article{LLMM1999,
  title={The Mathematical Work of the 1998 Fields Medalists},
  author={James Lepowsky and Joram Lindenstrauss and Yuri I. Manin and John Milnor},
  journal={NOTICES OF THE AMS},
  year={1999},
  month=jan,
  volume={46},
  number={1}
}

@book{MartinLöf1984,
  title={Intuitionistic type theory},
  author={Martin-L{\"o}f, Per and Sambin, Giovanni},
  volume={9},
  year={1984},
  publisher={Bibliopolis Naples}
}

@article{Rijke2022,
  title={Introduction to homotopy type theory},
  author={Rijke, Egbert},
  year={2022},
  eprint={2212.11082},
  archivePrefix={arXiv},
  primaryClass={math.LO}
}

@article{Gentzen1935a,
  title = {Untersuchungen über das logische Schließen. I},
  volume = {39},
  ISSN = {1432-1823},
  url = {http://dx.doi.org/10.1007/BF01201353},
  DOI = {10.1007/bf01201353},
  number = {1},
  journal = {Mathematische Zeitschrift},
  publisher = {Springer Science and Business Media LLC},
  author = {Gentzen,  Gerhard},
  year = {1935},
  month = dec,
  pages = {176–210}
}

@article{Gentzen1935b,
  title = {Untersuchungen über das logische Schließen. II},
  volume = {39},
  ISSN = {1432-1823},
  url = {http://dx.doi.org/10.1007/BF01201363},
  DOI = {10.1007/bf01201363},
  number = {1},
  journal = {Mathematische Zeitschrift},
  publisher = {Springer Science and Business Media LLC},
  author = {Gentzen,  Gerhard},
  year = {1935},
  month = dec,
  pages = {405–431}
}

@inproceedings{BCM2020,
  series={POPL '20},
  title={Formalising perfectoid spaces},
  url={http://dx.doi.org/10.1145/3372885.3373830},
  DOI={10.1145/3372885.3373830},
  booktitle={Proceedings of the 9th ACM SIGPLAN International Conference on Certified Programs and Proofs},
  publisher={ACM},
  author={Buzzard, Kevin and Commelin, Johan and Massot, Patrick},
  year={2020},
  month=jan,
  collection={POPL ’20}
}

@article{Cartan1937a,
  title={Th{\'e}orie des filtres},
  author={Cartan, Henri},
  journal={CR Acad. Sci. Paris},
  volume={205},
  pages={595--598},
  year={1937}
}

@article{Cartan1937b,
  title={Filtres et ultrafiltres},
  author={Cartan, Henri},
  journal={CR Acad. Sci. Paris},
  volume={205},
  pages={777--779},
  year={1937}
}

@misc{Elkin2008,
  Author = {Michael Elkin},
  Title = {An Improved Construction of Progression-Free Sets},
  Year = {2008},
  Eprint = {arXiv:0801.4310},
}

@article{NathansonRuzsa1999,
  title={Additive number theory: inverse problems and the geometry of sumsets},
  author={Nathanson, Melvyn B and Ruzsa, Imre z},
  journal={Bulletin of the London Mathematical Society},
  volume={31},
  number={148},
  pages={108},
  year={1999},
  publisher={Springer}
}

@article{Green2021,
  title = {Lower bounds for corner-free sets},
  volume = {51},
  ISSN = {1179-4984},
  url = {http://dx.doi.org/10.53733/86},
  DOI = {10.53733/86},
  journal = {New Zealand Journal of Mathematics},
  publisher = {New Zealand Journal of Mathematics Committee},
  author = {Green,  Ben},
  year = {2021},
  month = jul,
  pages = {1–2}
}

@misc{LinialShraibman2021,
  doi = {10.48550/ARXIV.2102.00421},
  url = {https://arxiv.org/abs/2102.00421},
  author = {Linial,  Nati and Shraibman,  Adi},
  keywords = {Combinatorics (math.CO),  FOS: Mathematics,  FOS: Mathematics},
  title = {Larger Corner-Free Sets from Better NOF Exactly-$N$ Protocols},
  publisher = {arXiv},
  year = {2021},
  copyright = {Creative Commons Attribution 4.0 International}
}

@misc{EllenbergGijswijt2016,
  title={On large subsets of $F_q^n$ with no three-term arithmetic progression},
  author={Jordan S. Ellenberg and Dion Gijswijt},
  year={2016},
  eprint={1605.09223},
  archivePrefix={arXiv},
  primaryClass={math.CO}
}
